@inproceedings{DBLP:conf/aiia/AlvianoDR13,
  author    = {Mario Alviano and
               Carmine Dodaro and
               Francesco Ricca},
  editor    = {Matteo Baldoni and
               Cristina Baroglio and
               Guido Boella and
               Roberto Micalizio},
  title     = {Comparing Alternative Solutions for Unfounded Set Propagation in {ASP}},
  booktitle = {AI*IA 2013: Advances in Artificial Intelligence - XIIIth International
               Conference of the Italian Association for Artificial Intelligence,
               Turin, Italy, December 4-6, 2013. Proceedings},
  series    = {Lecture Notes in Computer Science},
  volume    = {8249},
  pages     = {1--12},
  publisher = {Springer},
  year      = {2013},
  url       = {http://dx.doi.org/10.1007/978-3-319-03524-6_1},
  doi       = {10.1007/978-3-319-03524-6_1},
  timestamp = {Sat, 28 Dec 2013 15:25:25 +0100},
  biburl    = {http://dblp.uni-trier.de/rec/bib/conf/aiia/AlvianoDR13},
  bibsource = {dblp computer science bibliography, http://dblp.org}
}
