@article{DBLP:journals/tplp/AlvianoDR14,
  author    = {Mario Alviano and
               Carmine Dodaro and
               Francesco Ricca},
  title     = {Anytime Computation of Cautious Consequences in Answer Set Programming},
  journal   = {{TPLP}},
  volume    = {14},
  number    = {4-5},
  pages     = {755--770},
  year      = {2014},
  url       = {http://dx.doi.org/10.1017/S1471068414000325},
  doi       = {10.1017/S1471068414000325},
  timestamp = {Mon, 11 Aug 2014 11:04:57 +0200},
  biburl    = {http://dblp.uni-trier.de/rec/bib/journals/tplp/AlvianoDR14},
  bibsource = {dblp computer science bibliography, http://dblp.org}
}
