@article{journals/jlc/AlvianoDMR15,
  author    = {Mario Alviano and
               Carmine Dodaro and
               Joao Marques-Silva and
               Francesco Ricca},
  title     = {Optimum Stable Model Search: Algorithms and Implementation},
  journal   = {J. Log. Comput.},
  url       = {http://dx.doi.org/10.1093/logcom/exv061},
  doi       = {10.1093/logcom/exv061},
  note      = {In press}
}
