@inproceedings{DBLP:conf/lpnmr/AlvianoDFLR13,
  author    = {Mario Alviano and
               Carmine Dodaro and
               Wolfgang Faber and
               Nicola Leone and
               Francesco Ricca},
  editor    = {Pedro Cabalar and
               Tran Cao Son},
  title     = {{WASP:} {A} Native {ASP} Solver Based on Constraint Learning},
  booktitle = {Logic Programming and Nonmonotonic Reasoning, 12th International Conference,
               {LPNMR} 2013, Corunna, Spain, September 15-19, 2013. Proceedings},
  series    = {Lecture Notes in Computer Science},
  volume    = {8148},
  pages     = {54--66},
  publisher = {Springer},
  year      = {2013},
  url       = {http://dx.doi.org/10.1007/978-3-642-40564-8_6},
  doi       = {10.1007/978-3-642-40564-8_6},
  timestamp = {Fri, 08 Nov 2013 14:41:06 +0100},
  biburl    = {http://dblp.uni-trier.de/rec/bib/conf/lpnmr/AlvianoDFLR13},
  bibsource = {dblp computer science bibliography, http://dblp.org}
}
