@inproceedings{DBLP:conf/lpnmr/AlvianoDLR15,
  author    = {Mario Alviano and
               Carmine Dodaro and
               Nicola Leone and
               Francesco Ricca},
  editor    = {Francesco Calimeri and
               Giovambattista Ianni and
               Miroslaw Truszczynski},
  title     = {Advances in {WASP}},
  booktitle = {Logic Programming and Nonmonotonic Reasoning - 13th International
               Conference, {LPNMR} 2015, Lexington, KY, USA, September 27-30, 2015.
               Proceedings},
  series    = {Lecture Notes in Computer Science},
  volume    = {9345},
  pages     = {40--54},
  publisher = {Springer},
  year      = {2015},
  url       = {http://dx.doi.org/10.1007/978-3-319-23264-5_5},
  doi       = {10.1007/978-3-319-23264-5_5},
  timestamp = {Tue, 15 Sep 2015 11:17:08 +0200},
  biburl    = {http://dblp.uni-trier.de/rec/bib/conf/lpnmr/AlvianoDLR15},
  bibsource = {dblp computer science bibliography, http://dblp.org}
}
